<?xml version="1.0" encoding="UTF-8"?>
<record xmlns="http://www.loc.gov/MARC21/slim" xmlns:xsi="http://www.w3.org/2001/XMLSchema-instance" xsi:schemaLocation="http://www.loc.gov/MARC21/slim http://www.loc.gov/standards/marcxml/schema/MARC21slim.xsd">
<leader>     cam a2200205 a 4500</leader>
<controlfield tag="001">001677048</controlfield>
<controlfield tag="003">NNU</controlfield>
<controlfield tag="005">20001218194602.0</controlfield>
<controlfield tag="008">940103s1930    ua            000 0 ara d</controlfield>
<datafield tag="035" ind1="9" ind2=" ">
<subfield code="a">NYUb12220419</subfield>
</datafield>
<datafield tag="035" ind1=" " ind2=" ">
<subfield code="a">(CStRLIN)NJPG94-B265</subfield>
</datafield>
<datafield tag="040" ind1=" " ind2=" ">
<subfield code="a">NjP</subfield>
<subfield code="c">NjP</subfield>
</datafield>
<datafield tag="043" ind1=" " ind2=" ">
<subfield code="a">f------</subfield>
<subfield code="a">a------</subfield>
<subfield code="a">e-sp</subfield>
</datafield>
<datafield tag="245" ind1="0" ind2="0">
<subfield code="a">Majmūʻat al-yawāqīt al-ʻaṣrīyah :</subfield>
<subfield code="b">al-muḥtawīyah ʻalá sitat kutub fī ahamm al-tawārīkh wa-al-ḥawādith wa-al-aḥwāl al-waqtīyh wa-ghayrihā min ʻajāʼib al-waqāʼiʻ /</subfield>
<subfield code="c">li-jāmiʻihā Muḥammad ibn Muḥammad ibn ʻAbd Allāh.</subfield>
</datafield>
<datafield tag="260" ind1=" " ind2=" ">
<subfield code="a">Miṣr :</subfield>
<subfield code="b">Muṣṭafá al-Bābī al-Ḥalabī,</subfield>
<subfield code="c">1349 [1930]</subfield>
</datafield>
<datafield tag="300" ind1=" " ind2=" ">
<subfield code="a">400 p. ;</subfield>
<subfield code="c">26 cm.</subfield>
</datafield>
<datafield tag="651" ind1=" " ind2="0">
<subfield code="a">Islamic Empire</subfield>
<subfield code="x">History.</subfield>
</datafield>
<datafield tag="700" ind1="1" ind2=" ">
<subfield code="a">Ben Abdallah, Mohammed,</subfield>
<subfield code="d">ca. 1820-1854.</subfield>
</datafield>
<datafield tag="OWN" ind1=" " ind2=" ">
<subfield code="a">GENERAL</subfield>
</datafield>
<datafield tag="950" ind1=" " ind2=" ">
<subfield code="l">BMAIN</subfield>
<subfield code="a">AC106</subfield>
<subfield code="b">.I3</subfield>
</datafield>
<datafield tag="955" ind1=" " ind2=" ">
<subfield code="l">BMAIN</subfield>
<subfield code="c">1</subfield>
<subfield code="r">028233933</subfield>
</datafield>
<datafield tag="998" ind1=" " ind2=" ">
<subfield code="s">9114</subfield>
</datafield>
<datafield tag="AVA" ind1=" " ind2=" ">
<subfield code="a">NYU50</subfield>
<subfield code="b">BOBST</subfield>
<subfield code="c">Main Collection</subfield>
<subfield code="d">AC106 .I3</subfield>
<subfield code="e">unavailable</subfield>
<subfield code="t">Unavailable</subfield>
<subfield code="f">1</subfield>
<subfield code="g">1</subfield>
<subfield code="h">N</subfield>
<subfield code="i">0</subfield>
<subfield code="j">MAIN</subfield>
<subfield code="k">0</subfield>
</datafield>
</record>
